@book{ver1,
  title     = "Pr√©cis de versification",
  author    = "Buffard-Moret, Brigitte",
  year      = 2023,
  publisher = "Armand Colin"
}

@book{ver2,
    title = "La Versification", 
    author = "Gouvard, Jean-Michel",
    year = 1999, 
    publisher="PUF"
}
